@article{peter:arrakis,
 crossref = {acmtocs},
 author = {Peter, Simon and Li, Jialin and Zhang, Irene and Ports, Dan R. K. and Woos, Doug and Krishnamurthy, Arvind and Anderson, Thomas and Roscoe, Timothy},
 title = {Arrakis: The Operating System Is the Control Plane},
 issue_date = {January 2016},
 volume = {33},
 number = {4},
 month = nov,
 year = {2015},
 issn = {0734-2071},
 pages = {11:1--11:30},
 articleno = {11},
 numpages = {30},
 url = {http://doi.acm.org/10.1145/2812806},
 doi = {10.1145/2812806},
 acmid = {2812806},
 xpublisher = {ACM},
 xaddress = {New York, NY, USA},
 keywords = {I/O virtualization, Kernel bypass, SR-IOV},
} 


