%###############################################################################
%# Journals

@article{acmtocs,
  journal = s-acmtocs,
  publisher = {ACM},
}

@article{ieeemicro,
  journal = s-ieeemicro,
  publisher = {IEEE},
}

@article{sigarchcan,
  journal = s-sigarchcan,
  publisher = {ACM},
}

@article{sigcommccr,
  journal = s-sigcommccr,
  publisher = {ACM},
}


%###############################################################################
%# Conferences

@proceedings{ancs05,
  booktitle = s-proc#"1st "#s-ancs,
  series = {ANCS},
  year = {2005},
  location = {Princeton, NJ},
}
@proceedings{ancs06,
  booktitle = s-proc#"2nd "#s-ancs,
  series = {ANCS},
  year = {2006},
  location = {San Jose, CA},
}
@proceedings{ancs07,
  booktitle = s-proc#"3rd "#s-ancs,
  series = {ANCS},
  year = {2007},
  location = {Orlando, FL},
}
@proceedings{ancs08,
  booktitle = s-proc#"4th "#s-ancs,
  series = {ANCS},
  year = {2008},
  location = {San Jose, CA},
}
@proceedings{ancs09,
  booktitle = s-proc#"5th "#s-ancs,
  series = {ANCS},
  year = {2009},
  location = {Princeton, NJ},
}
@proceedings{ancs10,
  booktitle = s-proc#"6th "#s-ancs,
  series = {ANCS},
  year = {2010},
  location = {La Jolla, CA},
}
@proceedings{ancs11,
  booktitle = s-proc#"7th "#s-ancs,
  series = {ANCS},
  year = {2011},
  location = {Brooklyn, NY},
}
@proceedings{ancs13,
  booktitle = s-proc#"9th "#s-ancs,
  series = {ANCS},
  year = {2013},
  location = {San Jose, CA},
}
@proceedings{ancs14,
  booktitle = s-proc#"10th "#s-ancs,
  series = {ANCS},
  year = {2014},
  location = {Marina Del Rey, CA},
}

@proceedings{asplos06,
  booktitle = s-proc#"12th "#s-asplos,
  series = {ASPLOS},
  year = {2006},
  location = {San Jose, CA},
}
@proceedings{asplos14,
  booktitle = s-proc#"19th "#s-asplos,
  series = {ASPLOS},
  year = {2014},
  location = {Salt Lake City, UT},
}
@proceedings{asplos16,
  booktitle = s-proc#"21st "#s-asplos,
  series = {ASPLOS},
  year = {2016},
  location = {Atlanta, GA},
}

@proceedings{hoti09,
  booktitle = s-proc#"10th "#s-hoti,
  series = {HOTI},
  year = {2009},
  location = {New York, NY},
}

@proceedings{hoti15,
  booktitle = s-proc#"23rd "#s-hoti,
  series = {HOTI},
  year = {2015},
  location = {Santa Clara, CA},
}

@proceedings{hotnets09,
  booktitle = s-proc#"12th "#s-hotnets,
  series = {HOTNETS},
  year = {2009},
  location = {New York, NY},
}

@proceedings{hotos11,
  booktitle = s-proc#"13th "#s-hotos,
  series = {HOTOS},
  year = {2013},
  location = {Napa, CA},
}
@proceedings{hotos13,
  booktitle = s-proc#"14th "#s-hotos,
  series = {HOTOS},
  year = {2013},
  location = {Santa Ana Pueblo, NM},
}
@proceedings{hotos15,
  booktitle = s-proc#"15th "#s-hotos,
  series = {HOTOS},
  year = {2015},
  location = {Kartause Ittingen, Switzerland},
}

@proceedings{isca05,
  booktitle = s-proc#"32nd "#s-isca,
  series = {ISCA},
  year = {2005},
  location = {Madison, WI},
}
@proceedings{isca14,
  booktitle = s-proc#"41st "#s-isca,
  series = {ISCA},
  year = {2014},
  location = {Minneapolis, MN},
}

@proceedings{igcc11,
  booktitle = s-proc#"2011 "#s-igcc,
  series = {IGCC},
  year = {2011},
  location = {Orlando FL},
}

@proceedings{fpga10,
  booktitle = s-proc#"18th "#s-fpga,
  series = {FPGA},
  year = {2010},
  location = {Monterey, CA},
}

@proceedings{fpga13,
  booktitle = s-proc#"21st "#s-fpga,
  series = {FPGA},
  year = {2013},
  location = {Monterey, CA},
}

@proceedings{hotcloud13,
  booktitle = s-proc#"5th "#s-hotcloud,
  series = {HotCloud},
  year = {2013},
  location = {San Jose, CA},
}

@proceedings{infocom01,
  booktitle = s-proc#"20th "#s-infocom,
  series = {INFOCOM},
  year = {2001},
  location = {Anchorage, AK},
}

@proceedings{mspc14,
  booktitle = s-proc#"2014 "#s-mspc,
  series = {MSPC},
  year = {2014},
  location = {Edinburgh, United Kingdom},
}

@proceedings{nsdi11,
  booktitle = s-proc#"8th "#s-nsdi,
  series = {NSDI},
  year = {2011},
  location = {Boston, MA},
}
@proceedings{nsdi12,
  booktitle = s-proc#"9th "#s-nsdi,
  series = {NSDI},
  year = {2012},
  location = {San Jose, CA},
}
@proceedings{nsdi13,
  booktitle = s-proc#"10th "#s-nsdi,
  series = {NSDI},
  year = {2013},
  location = {Lombard, IL},
}
@proceedings{nsdi14,
  booktitle = s-proc#"11th "#s-nsdi,
  series = {NSDI},
  year = {2014},
  location = {Seattle, WA},
}
@proceedings{nsdi15,
  booktitle = s-proc#"12th "#s-nsdi,
  series = {NSDI},
  year = {2015},
  location = {Oakland, CA},
}
@proceedings{nsdi16,
  booktitle = s-proc#"13th "#s-nsdi,
  series = {NSDI},
  year = {2016},
  location = {Santa Clara, CA},
}
@proceedings{nsdi17,
  booktitle = s-proc#"14th "#s-nsdi,
  series = {NSDI},
  year = {2017},
  location = {Boston, MA},
}

@proceedings{osdi94,
  booktitle = s-proc#"1st "#s-osdi,
  series = {OSDI},
  year = {1994},
  location = {Monterey, CA},
}
@proceedings{osdi96,
  booktitle = s-proc#"2nd "#s-osdi,
  series = {OSDI},
  year = {1996},
  location = {Seattle, WA},
}
@proceedings{osdi99,
  booktitle = s-proc#"3rd "#s-osdi,
  series = {OSDI},
  year = {1999},
  location = {New Orleans, LA},
}
@proceedings{osdi00,
  booktitle = s-proc#"4th "#s-osdi,
  series = {OSDI},
  year = {2000},
  location = {San Diego, CA},
}
@proceedings{osdi02,
  booktitle = s-proc#"5th "#s-osdi,
  series = {OSDI},
  year = {2002},
  location = {Boston, MA},
}
@proceedings{osdi04,
  booktitle = s-proc#"6th "#s-osdi,
  series = {OSDI},
  year = {2004},
  location = {San Francisco, CA},
}
@proceedings{osdi06,
  booktitle = s-proc#"7th "#s-osdi,
  series = {OSDI},
  year = {2006},
  location = {Seattle, WA},
}
@proceedings{osdi08,
  booktitle = s-proc#"8th "#s-osdi,
  series = {OSDI},
  year = {2008},
  location = {San Diego, CA},
}
@proceedings{osdi10,
  booktitle = s-proc#"9th "#s-osdi,
  series = {OSDI},
  year = {2010},
  location = {Vancouver, Canada},
}
@proceedings{osdi12,
  booktitle = s-proc#"10th "#s-osdi,
  series = {OSDI},
  year = {2012},
  location = {Hollywood, CA},
}
@proceedings{osdi14,
  booktitle = s-proc#"11th "#s-osdi,
  series = {OSDI},
  year = {2014},
  location = {Broomfield, CO},
}

@proceedings{sigcomm94,
  booktitle = s-proc#"1994 "#s-sigcomm,
  series = {SIGCOMM},
  year = {1994},
  location = {London, United Kingdom},
}
@proceedings{sigcomm04,
  booktitle = s-proc#"2004 "#s-sigcomm,
  series = {SIGCOMM},
  year = {2004},
  location = {Portland, OR},
}
@proceedings{sigcomm09,
  booktitle = s-proc#"2009 "#s-sigcomm,
  series = {SIGCOMM},
  year = {2009},
  location = {Barcelona, Spain},
}
@proceedings{sigcomm10,
  booktitle = s-proc#"2010 "#s-sigcomm,
  series = {SIGCOMM},
  year = {2010},
  location = {New Delhi, India},
}
@proceedings{sigcomm13,
  booktitle = s-proc#"2013 "#s-sigcomm,
  series = {SIGCOMM},
  year = {2013},
  location = {Hong Kong, China},
}
@proceedings{sigcomm14,
  booktitle = s-proc#"2014 "#s-sigcomm,
  series = {SIGCOMM},
  year = {2014},
  location = {Chicaco, IL},
}
@proceedings{sigcomm15,
  booktitle = s-proc#"2015 "#s-sigcomm,
  series = {SIGCOMM},
  year = {2015},
  location = {London, United Kingdom},
}
@proceedings{sigcomm16,
  booktitle = s-proc#"2016 "#s-sigcomm,
  series = {SIGCOMM},
  year = {2016},
  location = {Florianopolis, Brazil},
}
@proceedings{sigcomm17,
  booktitle = s-proc#"2017 "#s-sigcomm,
  series = {SIGCOMM},
  year = {2017},
  location = {Los Angeles, CA},
}

@proceedings{sosp95,
  booktitle = s-proc#" 15th "#s-sosp,
  series = {SOSP},
  year = {1995},
  location = {Cooper Mountain Resort, CO},
}
@proceedings{sosp09,
  booktitle = s-proc#" 16th "#s-sosp,
  series = {SOSP},
  year = {2009},
  location = {Big Sky, MT},
}
@proceedings{sosp13,
  booktitle = s-proc#" 20th "#s-sosp,
  series = {SOSP},
  year = {2013},
  location = {Farmington, PA},
}

@proceedings{usenixatc08,
  booktitle = s-proc#"2008 "#s-usenixatc,
  series = {ATC},
  year = {2008},
  location = {Boston, MA},
}
@proceedings{usenixatc10,
  booktitle = s-proc#"2010 "#s-usenixatc,
  series = {ATC},
  year = {2010},
  location = {Boston, MA},
}
@proceedings{usenixatc11,
  booktitle = s-proc#"2011 "#s-usenixatc,
  series = {ATC},
  year = {2011},
  location = {Portland, OR},
}
@proceedings{usenixatc12,
  booktitle = s-proc#"2012 "#s-usenixatc,
  series = {ATC},
  year = {2012},
  location = {Boston, MA},
}
@proceedings{usenixatc13,
  booktitle = s-proc#"2013 "#s-usenixatc,
  series = {ATC},
  year = {2013},
  location = {San Jose, CA},
}
@proceedings{usenixatc14,
  booktitle = s-proc#"2014 "#s-usenixatc,
  series = {ATC},
  year = {2014},
  location = {Philadelphia, PA},
}
@proceedings{usenixatc15,
  booktitle = s-proc#"2015 "#s-usenixatc,
  series = {ATC},
  year = {2015},
  location = {Santa Clara, CA},
}

@proceedings{eurosys12,
  booktitle = s-proc#"7th "#s-eurosys,
  series = {EuroSys},
  year = {2012},
  location = {Bern, Switzerland},
}
@proceedings{eurosys13,
  booktitle = s-proc#"8th "#s-eurosys,
  series = {EuroSys},
  year = {2013},
  location = {Prague, Czech Republic},
}
@proceedings{eurosys14,
  booktitle = s-proc#"9th "#s-eurosys,
  series = {EuroSys},
  year = {2014},
  location = {Amsterdam, Netherlands},
}
@proceedings{eurosys15,
  booktitle = s-proc#"10th "#s-eurosys,
  series = {EuroSys},
  year = {2015},
  location = {Bordeaux, France},
}
@proceedings{eurosys16,
  booktitle = s-proc#"11th "#s-eurosys,
  series = {EuroSys},
  year = {2016},
  location = {London, United Kingdom},
}
