@article{bosshart:p4,
  crossref = {sigcommccr},
  author = {Bosshart, Pat and Daly, Dan and Gibb, Glen and Izzard, Martin and McKeown, Nick and Rexford, Jennifer and Schlesinger, Cole and Talayco, Dan and Vahdat, Amin and Varghese, George and Walker, David},
  title = {{P4}: Programming Protocol-independent Packet Processors},
  xissue_date = {July 2014},
  volume = {44},
  number = {3},
  month = jul,
  year = {2014},
  pages = {87--95},
  url = {http://doi.acm.org/10.1145/2656877.2656890},
  doi = {10.1145/2656877.2656890},
  acmid = {2656890},
  keywords = {p4, protocol-independent, reconfigurability, sdn},
}

@inproceedings{bosshart:rmt,
  crossref = {sigcomm13},
  author = {Bosshart, Pat and Gibb, Glen and Kim, Hun-Seok and Varghese, George and McKeown, Nick and Izzard, Martin and Mujica, Fernando and Horowitz, Mark},
  title = {Forwarding Metamorphosis: Fast Programmable Match-action Processing in Hardware for {SDN}},
  xpages = {99--110},
  xnumpages = {12},
  url = {http://doi.acm.org/10.1145/2486001.2486011},
  doi = {10.1145/2486001.2486011},
  acmid = {2486011},
  keywords = {reconfigurable match tables, rmt model, sdn},
} 

@inproceedings{gibb:pktparser,
  crossref = {ancs13},
  author = {Gibb, Glen and Varghese, George and Horowitz, Mark and McKeown, Nick},
  title = {Design Principles for Packet Parsers},
  xpages = {13--24},
  xnumpages = {12},
  url = {http://dl.acm.org/citation.cfm?id=2537857.2537860},
  acmid = {2537860},
  keywords = {design principles, parsing, reconfigurable parsers},
} 

@inproceedings{attig:fpgapktparse,
  crossref = {ancs11},
  author = {Attig, Michael and Brebner, Gordon},
  title = {400 {Gb/s} Programmable Packet Parsing on a Single {FPGA}},
  xpages = {12--23},
  xnumpages = {12},
  url = {http://dx.doi.org/10.1109/ANCS.2011.12},
  doi = {10.1109/ANCS.2011.12},
  acmid = {2065215},
  keywords = {High-speed packet processing, FPGA-based parallel processing, Domain-specific languages and compilers},
}

@inproceedings{flajslik:llnic,
 crossref = {usenixatc13},
 author = {Flajslik, Mario and Rosenblum, Mendel},
 title = {Network Interface Design for Low Latency Request-response Protocols},
 xlocation = {San Jose, CA},
 xpages = {333--346},
 numpages = {14},
 url = {http://dl.acm.org/citation.cfm?id=2535461.2535502},
 acmid = {2535502},
 xpublisher = {USENIX Association},
 xaddress = {Berkeley, CA, USA},
} 

@inproceedings{liao:inicperf,
  crossref = {hoti09},
  author = {Guangdeng Liao and Laxmi Bhuyan},
  title = {Performance Measurement of an Integrated {NIC} Architecture with {10GbE}},
  xpages = {52-59},
  keywords = {local area networks;performance evaluation;peripheral interfaces;10 Gigabit Ethernet;Sun Niagara 2 processor;integrated NIC architecture;network interfaces;performance measurement;Bandwidth;Computer architecture;Computer science;Delay;Ethernet networks;Measurement;Network servers;Registers;Sun;USA Councils;10GbE;Characterization;Discrete NIC;Integrated NIC;Performace Evaluation;Sun Niagara 2},
  doi = {10.1109/HOTI.2009.16},
  ISSN = {1550-4794},
}

@inproceedings{binkert:inic,
  crossref = {asplos06},
  author = {Binkert, Nathan L. and Saidi, Ali G. and Reinhardt, Steven K.},
  title = {Integrated Network Interfaces for High-bandwidth {TCP/IP}},
  xpages = {315--324},
  url = {http://doi.acm.org/10.1145/1168857.1168897},
  doi = {10.1145/1168857.1168897},
  acmid = {1168897},
  keywords = {TCP/IP performance, interfaces, network, zero-copy},
}

@inproceedings{huggahalli:dca,
  crossref = {isca05},
  author = {Huggahalli, Ram and Iyer, Ravi and Tetrick, Scott},
  title = {Direct Cache Access for High Bandwidth Network {I/O}},
  xpages = {50--59},
  url = {http://dx.doi.org/10.1109/ISCA.2005.23},
  doi = {10.1109/ISCA.2005.23},
  acmid = {1069976},
}

@inproceedings{molka:sandybridgeperf,
  crossref = {mspc14},
  author = {Molka, Daniel and Hackenberg, Daniel and Sch\"{o}ne, Robert},
  title = {Main Memory and Cache Performance of {Intel Sandy Bridge} and {AMD Bulldozer}},
  url = {http://doi.acm.org/10.1145/2618128.2618129},
  doi = {10.1145/2618128.2618129},
  acmid = {2618129},
} 

@inproceedings{angel:virtdc,
  crossref = {osdi14},
  author = {Sebastian Angel and Hitesh Ballani and Thomas Karagiannis and Greg O{\textquoteright}Shea and Eno Thereska},
  title = {End-to-end Performance Isolation Through Virtual Datacenters},
  xpages = {233--248},
  url = {https://www.usenix.org/conference/osdi14/technical-sessions/presentation/angel},
}

@inproceedings{pratt:arsenic,
  crossref = {infocom01},
  author = {Ian Pratt and Keir Fraser},
  title = {Arsenic: A User-Accessible {Gigabit} {Ethernet} Interface},
  keywords = {user-level device driver}
}

@inproceedings{novakovic:sonuma,
  crossref = {asplos14},
  author = {Novakovic, Stanko and Daglis, Alexandros and Bugnion, Edouard and Falsafi, Babak and Grot, Boris},
  title = {Scale-out {NUMA}},
  xnumpages = 16,
  url = {http://doi.acm.org/10.1145/2541940.2541965},
  doi = {10.1145/2541940.2541965},
  acmid = 2541965,
}

@inproceedings{mitchell:pilaf,
  crossref = {usenixatc13},
  author = {Mitchell, Christopher and Geng, Yifeng and Li, Jinyang},
  title = {Using One-sided {RDMA} Reads to Build a Fast, {CPU}-efficient Key-value Store},
} 

@inproceedings{dragojevic:farm,
  crossref = {nsdi14},
  author = {Dragojevi\'{c}, Aleksandar and Narayanan, Dushyanth and Hodson, Orion and Castro, Miguel},
  title = {{FaRM}: Fast Remote Memory},
}

@inproceedings{kalia:herd,
  crossref = {sigcomm14},
  author = {Kalia, Anuj and Kaminsky, Michael and Andersen, David G.},
  title = {Using {RDMA} Efficiently for Key-value Services},
}

@inproceedings{druschel:osiris,
  crossref = {sigcomm94},
  author = {Peter Druschel and Larry Peterson and Bruce Davie},
  title = {Experiences with a High-Speed Network Adaptor: A Software Perspective},
}

@inproceedings{voneicken:unet,
  crossref = {sosp95}, 
  author = {von Eicken, T. and Basu, A. and Buch, V. and Vogels, W.},
  title = {{U-Net}: a user-level network interface for parallel and distributed computing},
}

@inproceedings{pfaff:openvswitch,
  crossref = {hotnets09},
  author = {Ben Pfaff and Justin Pettit and Keith Amidon and Martin Casado and Teemu Koponen and Scott Shenker},
  title = {Extending Networking into the Virtualization Layer},
}

@article{peter:arrakis,
 crossref = {acmtocs},
 author = {Peter, Simon and Li, Jialin and Zhang, Irene and Ports, Dan R. K. and Woos, Doug and Krishnamurthy, Arvind and Anderson, Thomas and Roscoe, Timothy},
 title = {Arrakis: The Operating System Is the Control Plane},
 issue_date = {January 2016},
 volume = {33},
 number = {4},
 month = nov,
 year = {2015},
 issn = {0734-2071},
 pages = {11:1--11:30},
 articleno = {11},
 numpages = {30},
 url = {http://doi.acm.org/10.1145/2812806},
 doi = {10.1145/2812806},
 acmid = {2812806},
 xpublisher = {ACM},
 xaddress = {New York, NY, USA},
 keywords = {I/O virtualization, Kernel bypass, SR-IOV},
} 

@inproceedings{belay:ix,
 crossref = {osdi14},
 author = {Belay, Adam and Prekas, George and Klimovic, Ana and Grossman, Samuel and Kozyrakis, Christos and Bugnion, Edouard},
 title = {{IX}: A Protected Dataplane Operating System for High Throughput and Low Latency},
 xpages = {49--65},
 numpages = {17},
 url = {http://dl.acm.org/citation.cfm?id=2685048.2685053},
 acmid = {2685053},
 xpublisher = {USENIX Association},
 xaddress = {Berkeley, CA, USA},
} 


@article{zilberman:netfpga,
  crossref = {ieeemicro},
  author = {Zilberman, N. and Audzevich, Y. and Covington, G.A. and Moore, A.W.}, 
  title = {{NetFPGA} {SUME}: Toward 100 {Gbps} as Research Commodity}, 
  year = 2014, 
  month = sep,
  volume = 34, 
  number = 5, 
  pages = {32-41},
}
@article{rosenblum:lfs,
  crossref = {acmtocs},
  author = {Rosenblum, Mendel and Ousterhout, John K.},
  title = {The Design and Implementation of a Log-structured File System},
  issue_date = {February 1992},
  volume = {10},
  number = {1},
  month = feb,
  year = {1992},
  issn = {0734-2071},
  pages = {26--52},
  url = {http://doi.acm.org/10.1145/146941.146943},
  doi = {10.1145/146941.146943},
  acmid = {146943},
  keywords = {Unix, disk storage management, fast crash recovery, file system organization, file system performance, high write performance, log-structured, logging},
}

@inproceedings{lim:mica,
 crossref = {nsdi14},
 author = {Lim, Hyeontaek and Han, Dongsu and Andersen, David G. and Kaminsky, Michael},
 title = {{MICA}: A Holistic Approach to Fast In-memory Key-value Storage},
 xpages = {429--444},
 xnumpages = {16},
 url = {http://dl.acm.org/citation.cfm?id=2616448.2616488},
 acmid = {2616488},
 xpublisher = {USENIX Association},
 xaddress = {Berkeley, CA, USA},
}




@misc{intel:ddio,
  author = {{Intel Corporation}},
  title = {Intel Data Direct {I/O} Technology ({Intel DDIO}): A Primer},
  month = feb,
  year = 2012,
  note = {Revision 1.0},
  howpublished = {\url{http://www.intel.com/content/dam/www/public/us/en/documents/technology-briefs/data-direct-i-o-technology-brief.pdf}}
}

@unpublished{white:amdseattle,
  author = {Sean White},
  title= {The {AMD} {Opteron} "{Seattle}": A 64b {ARM} Dense Server Processor},
  year = {2014},
  note = {Talk at Hot Chips: A Symposium on High Performance Chips},
}

@article{song:pof,
  author = {Haoyu Song and Jun Gong and Hongfei Chen and Justin Dustzadeh},
  title = {Unified {POF} Programming for Diversified {SDN} Data Plane},
  journal = {CoRR},
  volume = {abs/1405.0060},
  year = {2014},
  url = {http://arxiv.org/abs/1405.0060},
  timestamp = {Mon, 02 Jun 2014 08:30:36 +0200},
}

@inproceedings {kim:gpunet,
  crossref = {osdi14},
  author = {Sangman Kim and Seonggu Huh and Xinya Zhang and Yige Hu and Amir Wated and Emmett Witchel and Mark Silberstein},
  title = {{GPUnet}: Networking Abstractions for {GPU} Programs},
}

@inproceedings{han:packetshader,
  crossref = {sigcomm10},
  author = {Han, Sangjin and Jang, Keon and Park, KyoungSoo and Moon, Sue},
  title = {{PacketShader}: A {GPU}-accelerated Software Router},
  xpages = {195--206},
  xnumpages = {12},
  url = {http://doi.acm.org/10.1145/1851182.1851207},
  doi = {10.1145/1851182.1851207},
  acmid = {1851207},
  keywords = {CUDA, GPU, software router},
}

@inproceedings{pfaff:openvswitch_nsdi,
  crossref = {nsdi15},
  author = {Ben Pfaff and Justin Pettit and Teemu Koponen and Ethan Jackson and Andy Zhou and Jarno Rajahalme and Jesse Gross and Alex Wang and Joe Stringer and Pravin Shelar and Keith Amidon and Martin Casado},
  title = {The Design and Implementation of {Open} {vSwitch}},
}

@inproceedings{jang:sslshader,
  crossref = {nsdi11},
  author = {Jang, Keon and Han, Sangjin and Han, Seungyeop and Moon, Sue and Park, KyoungSoo},
  title = {{SSLShader}: Cheap {SSL} Acceleration with Commodity Processors},
  xpages = {1--14},
  xnumpages = {14},
  url = {http://dl.acm.org/citation.cfm?id=1972457.1972459},
  acmid = {1972459},
} 

@inproceedings{sun:snap,
  crossref = {ancs13},
  author = {Sun, Weibin and Ricci, Robert},
  title = {Fast and Flexible: Parallel Packet Processing with {GPUs} and {Click}},
} 

@article{binkert:gem5,
  crossref = {sigarchcan},
  author = {Binkert, Nathan and Beckmann, Bradford and Black, Gabriel and Reinhardt, Steven K. and Saidi, Ali and Basu, Arkaprava and Hestness, Joel and Hower, Derek R. and Krishna, Tushar and Sardashti, Somayeh and Sen, Rathijit and Sewell, Korey and Shoaib, Muhammad and Vaish, Nilay and Hill, Mark D. and Wood, David A.},
  title = {The {Gem5} Simulator},
  xissue_date = {May 2011},
  volume = {39},
  number = {2},
  month = aug,
  year = {2011},
  issn = {0163-5964},
  pages = {1--7},
  xnumpages = {7},
  url = {http://doi.acm.org/10.1145/2024716.2024718},
  doi = {10.1145/2024716.2024718},
  acmid = {2024718},
} 

@article{mogul:rxlivelock,
  crossref = {acmtocs},
  author = {Mogul, Jeffrey C. and Ramakrishnan, K. K.},
  title = {Eliminating Receive Livelock in an Interrupt-driven Kernel},
  xissue_date = {August 1997},
  volume = {15},
  number = {3},
  month = aug,
  year = {1997},
  issn = {0734-2071},
  pages = {217--252},
  xnumpages = {36},
  url = {http://doi.acm.org/10.1145/263326.263335},
  doi = {10.1145/263326.263335},
  acmid = {263335},
  keywords = {interrupt-driven kernel, livelock, polling, scheduling},
} 

@inproceedings{druschel:lrp,
  crossref = {osdi96},
  author = {Druschel, Peter and Banga, Gaurav},
  title = {Lazy Receiver Processing ({LRP}): A Network Subsystem Architecture for Server Systems},
  xpages = {261--275},
  xnumpages = {15},
  url = {http://doi.acm.org/10.1145/238721.238786},
  doi = {10.1145/238721.238786},
  acmid = {238786},
}

@inproceedings{banga:rescontainers,
  crossref = {osdi99},
  author = {Banga, Gaurav and Druschel, Peter and Mogul, Jeffrey C.},
  title = {Resource Containers: A New Facility for Resource Management in Server Systems},
  xnumpages = {14},
  url = {http://dl.acm.org/citation.cfm?id=296806.296810},
  acmid = {296810},
}

@inproceedings {shinde:nics,
  crossref = {hotos13},
  author = {Pravin Shinde and Antoine Kaufmann and Timothy Roscoe and Stefan Kaestle},
  title = {We Need to Talk About {NICs}},
  url = {https://www.usenix.org/conference/hotos13/we-need-talk-about-nics},
}

@inproceedings{clements:commutativity,
  crossref = {sosp13},
  author = {Clements, Austin T. and Kaashoek, M. Frans and Zeldovich, Nickolai and Morris, Robert T. and Kohler, Eddie},
  title = {The Scalable Commutativity Rule: Designing Scalable Software for Multicore Processors},
}

@inproceedings{berezecki:mckvs,
  crossref = {igcc11},
  author={Berezecki, M. and Frachtenberg, E. and Paleczny, M. and Steele, K.},
  title={Many-core key-value store},
  doi={10.1109/IGCC.2011.6008565},
}


@misc{vmware:nsx,
  author = {{VMware}},
  title = {Network Virtualization with {VMware} {NSX} Virtualized Network},
  note = {\url{http://www.vmware.com/products/nsx}},
}

@misc{netronome:nfp6,
  author = {Netronome},
  title = {{NFP-6xxx} Flow Processor},
  note = {\url{https://netronome.com/product/nfp-6xxx/}},
}

@manual{cavium:octeon,
  author = {{Cavium Corporation}},
  title = {{OCTEON} {II} {CN68XX} Multi-Core {MIPS64} Processors},
  note = 	 {\url{http://www.cavium.com/pdfFiles/CN68XX_PB_Rev1.pdf}},
}

@Misc{memcached,
  title = 	 {\url{http://memcached.org/}}}

@Misc{redis,
  title = 	 {\url{http://redis.io/}}}

@Misc{tph,
  author = 	 {PCI-SIG},
  title = 	 {{TLP} Processing Hints},
  howpublished = {PCI-SIG Engineering Change Notice},
  month = 	 sep,
  year = 	 2008,
  note = 	 {\url{https://www.pcisig.com/specifications/pciexpress/specifications/ECN_TPH_11Sept08.pdf}}}


@Misc{flowapi,
  author = 	 {{Intel Corporation}},
  title = 	 {Flow {APIs} for hardware offloads},
  month = 	 nov,
  year = 	 2014,
  note = 	 {Open vSwitch Fall Confernce Talk. \url{http://openvswitch.org/support/ovscon2014/18/1430-hardware-based-packet-processing.pdf}}}

@Misc{got_this_from_netronome_talk,
  title = 	 {Private communication}}


@misc{intel82599_datasheet,
 title = {Intel 82599 10 {GbE} Controller Datasheet},
 author = {{Intel Corporation}},
 note = {Revision 2.9},
 month = jan,
 year = 2014
}

@Misc{pci_atomic,
  author = 	 {PCI-SIG},
  title = 	 {Atomic Operations},
  howpublished = {PCI-SIG Engineering Change Notice},
  month = 	 jan,
  year = 	 2008,
  note = 	 {\url{https://www.pcisig.com/specifications/pciexpress/specifications/ECN_Atomic_Ops_080417.pdf}}
}

@misc{rdma,
 title = {Architectural specifications for {RDMA} over {TCP/IP}},
 author = {{RDMA Consortium}},
 note = {\url{http://www.rdmaconsortium.org/}}
}

@inproceedings{megapipe,
 crossref = {osdi12},
 author = {Han, Sangjin and Marshall, Scott and Chun, Byung-Gon and Ratnasamy, Sylvia},
 title = {{MegaPipe}: A New Programming Interface for Scalable Network {I/O}},
 xlocation = {Hollywood, CA, USA},
 xpages = {135--148},
 numpages = 14,
 url = {http://dl.acm.org/citation.cfm?id=2387880.2387894},
 acmid = 2387894,
 xpublisher = {USENIX Association},
 xaddress = {Berkeley, CA, USA},
}

@inproceedings{mtcp,
 crossref = {nsdi14},
 author = {Jeong, Eun Young and Woo, Shinae and Jamshed, Muhammad and Jeong, Haewon and Ihm, Sunghwan and Han, Dongsu and Park, KyoungSoo},
 title = {{mTCP}: A Highly Scalable User-level {TCP} Stack for Multicore Systems},
 xlocation = {Seattle, WA},
 xpages = {489--502},
 numpages = 14,
 url = {http://dl.acm.org/citation.cfm?id=2616448.2616493},
 acmid = 2616493,
 xpublisher = {USENIX Association},
 xaddress = {Berkeley, CA, USA},
}

@article{click,
 author = {Kohler, Eddie and Morris, Robert and Chen, Benjie and Jannotti, John and Kaashoek, M. Frans},
 title = {The {Click} Modular Router},
 journal = {ACM Trans. Comput. Syst.},
 issue_date = {Aug. 2000},
 volume = 18,
 number = 3,
 month = aug,
 year = 2000,
 issn = {0734-2071},
 pages = {263--297},
 numpages = 35,
 url = {http://doi.acm.org/10.1145/354871.354874},
 doi = {10.1145/354871.354874},
 acmid = 354874,
 xpublisher = {ACM},
 xaddress = {New York, NY, USA},
 keywords = {component systems, routers, software router performance},
}

@inproceedings{iolite,
 crossref = {osdi99},
 author = {Pai, Vivek S. and Druschel, Peter and Zwaenepoel, Willy},
 title = {{IO-lite}: A Unified {I/O} Buffering and Caching System},
 xlocation = {New Orleans, Louisiana, USA},
 xpages = {15--28},
 numpages = 14,
 url = {http://dl.acm.org/citation.cfm?id=296806.296808},
 acmid = 296808,
 xpublisher = {USENIX Association},
 xaddress = {Berkeley, CA, USA},
}

@inproceedings{scout,
 crossref = {osdi96},
 author = {Mosberger, David and Peterson, Larry L.},
 title = {Making Paths Explicit in the {Scout} Operating System},
 xpages = {153--167},
 numpages = 15,
 url = {http://doi.acm.org/10.1145/238721.238771},
 doi = {10.1145/238721.238771},
 acmid = 238771,
 xpublisher = {ACM},
 xaddress = {New York, NY, USA},
}

@inproceedings{netfpga,
 crossref = {sigcomm15},
 author = {Zilberman, Noa and Audzevich, Yury and Kalogeridou, Georgina and Manihatty-Bojan, Neelakandan and Zhang, Jingyun and Moore, Andrew},
 title = {{NetFPGA}: Rapid Prototyping of Networking Devices in Open Source},
 xlocation = {London, United Kingdom},
 xpages = {363--364},
 numpages = 2,
 url = {http://doi.acm.org/10.1145/2785956.2790029},
 doi = {10.1145/2785956.2790029},
 acmid = 2790029,
 xpublisher = {ACM},
 xaddress = {New York, NY, USA},
 keywords = {high-speed, netFPGA, networking, programmable hardware},
}

@inproceedings{catapult,
 crossref = {isca14},
 author = {Putnam, Andrew and Caulfield, Adrian M. and Chung, Eric S. and Chiou, Derek and Constantinides, Kypros and Demme, John and Esmaeilzadeh, Hadi and Fowers, Jeremy and Gopal, Gopi Prashanth and Gray, Jan and Haselman, Michael and Hauck, Scott and Heil, Stephen and Hormati, Amir and Kim, Joo-Young and Lanka, Sitaram and Larus, James and Peterson, Eric and Pope, Simon and Smith, Aaron and Thong, Jason and Xiao, Phillip Yi and Burger, Doug},
 title = {A Reconfigurable Fabric for Accelerating Large-scale Datacenter Services},
 xlocation = {Minneapolis, Minnesota, USA},
 xpages = {13--24},
 numpages = 12,
 url = {http://dl.acm.org/citation.cfm?id=2665671.2665678},
 acmid = 2665678,
 xpublisher = {IEEE Press},
 xaddress = {Piscataway, NJ, USA},
}

@Misc{spdy,
  author = {Google},
  title = {{SPDY}: An experimental protocol for a faster web},
  note = 	 {\url{http://www.chromium.org/spdy/spdy-whitepaper}}}


@Misc{quic,
  author = {R. Hamilton and J. Iyengar and I. Swett and A. Wilk},
  title = {{QUIC}: A {UDP}-Based Secure and Reliable Transport for {HTTP/2}},
  month = jan,
  year = 2016,
  note =  {\url{https://tools.ietf.org/html/draft-tsvwg-quic-protocol-02}}}

@Misc{roce,
  author = 	 {{Mellanox Technologies}},
  title = 	 {{RoCE} in the Data Center},
  month = 	 oct,
  year = 	 2014,
  note = 	 {\url{http://www.mellanox.com/related-docs/whitepapers/roce_in_the_data_center.pdf}}}

@inproceedings{flexnic,
 crossref = {asplos16},
 author = {Kaufmann, Antoine and Peter, SImon and Sharma, Naveen Kr. and Anderson, Thomas and Krishnamurthy, Arvind},
 title = {High Performance Packet Processing with {FlexNIC}},
 xpages = {67--81},
 numpages = 15,
 url = {http://doi.acm.org/10.1145/2872362.2872367},
 doi = {10.1145/2872362.2872367},
 acmid = 2872367,
 xpublisher = {ACM},
 xaddress = {New York, NY, USA},
 keywords = {DMA, flexible network processing, match-and-action processing, network interface card},
}

@inproceedings{fastsocket,
 crossref = {asplos16},
 author = {Lin, Xiaofeng and Chen, Yu and Li, Xiaodong and Mao, Junjie and He, Jiaquan and Xu, Wei and Shi, Yuanchun},
 title = {Scalable Kernel {TCP} Design and Implementation for Short-Lived Connections},
 xlocation = {Atlanta, Georgia, USA},
 xpages = {339--352},
 numpages = 14,
 url = {http://doi.acm.org/10.1145/2872362.2872391},
 doi = {10.1145/2872362.2872391},
 acmid = 2872391,
 xpublisher = {ACM},
 xaddress = {New York, NY, USA},
 keywords = {TCP/IP, multicore system, operating system},
}

@inproceedings{affinity-accept,
 crossref = {eurosys12},
 author = {Pesterev, Aleksey and Strauss, Jacob and Zeldovich, Nickolai and Morris, Robert T.},
 title = {Improving Network Connection Locality on Multicore Systems},
 xlocation = {Bern, Switzerland},
 xpages = {337--350},
 numpages = 14,
 url = {http://doi.acm.org/10.1145/2168836.2168870},
 doi = {10.1145/2168836.2168870},
 acmid = 2168870,
 xpublisher = {ACM},
 xaddress = {New York, NY, USA},
 keywords = {cache misses, multi-core, packet processing},
} 

@Misc{rss,
  author = {Intel},
  title = 	 {Receive Side Scaling on {Intel} Network Adapters},
  month = 	 jun,
  year = 	 2016,
  note = 	 {\url{http://www.intel.com/content/www/us/en/support/network-and-i-o/ethernet-products/000006703.html}}}

@Misc{ecmp,
  author = 	 {C. Hopps},
  title = 	 {Analysis of an Equal-Cost Multi-Path Algorithm},
  month = 	 nov,
  year = 	 2000,
  note = 	 {RFC 2992}}

@inproceedings{sandstorm,
 crossref = {sigcomm14},
 author = {Marinos, Ilias and Watson, Robert N.M. and Handley, Mark},
 title = {Network Stack Specialization for Performance},
 xlocation = {Chicago, Illinois, USA},
 xpages = {175--186},
 numpages = 12,
 url = {http://doi.acm.org/10.1145/2619239.2626311},
 doi = {10.1145/2619239.2626311},
 acmid = 2626311,
 xpublisher = {ACM},
 xaddress = {New York, NY, USA},
 keywords = {clean-slate design, network performance, network stacks, network- stack specialization},
} 

@inproceedings{barrelfish,
  crossref = {sosp09}, 
 author = {Baumann, Andrew and Barham, Paul and Dagand, Pierre-Evariste and Harris, Tim and Isaacs, Rebecca and Peter, Simon and Roscoe, Timothy and Sch\"{u}pbach, Adrian and Singhania, Akhilesh},
 title = {The {Multikernel}: A New {OS} Architecture for Scalable Multicore Systems},
 xlocation = {Big Sky, Montana, USA},
 xpages = {29--44},
 numpages = 16,
 url = {http://doi.acm.org/10.1145/1629575.1629579},
 doi = {10.1145/1629575.1629579},
 acmid = 1629579,
 xpublisher = {ACM},
 xaddress = {New York, NY, USA},
 keywords = {message passing, multicore processors, scalability},
}

@Article{sriov,
  author = 	 {Kutch, P.},
  title = 	 {{PCI-SIG} {SR-IOV} primer: An introduction to {SR-IOV} technology},
  journal = 	 {Intel application note},
  month = 	 jan,
  year = 	 2011,
  volume = 	 {321211--002}}

@Misc{tcp_rfc,
  author = 	 {J. Postel},
  title = 	 {Transmission Control Protocol},
  month = 	 sep,
  year = 	 1981,
  note = 	 {RFC 793}}

@techreport{softnic,
    Author = {Han, Sangjin and Jang, Keon and Panda, Aurojit and Palkar, Shoumik and Han, Dongsu and Ratnasamy, Sylvia},
    Title = {{SoftNIC}: A Software {NIC} to Augment Hardware},
    Institution = {EECS Department, University of California, Berkeley},
    Year = 2015,
    Month = {May},
    URL = {http://www.eecs.berkeley.edu/Pubs/TechRpts/2015/EECS-2015-155.html},
    Number = {UCB/EECS-2015-155},
}

@inproceedings{dctcp,
 crossref = {sigcomm10},
 author = {Alizadeh, Mohammad and Greenberg, Albert and Maltz, David A. and Padhye, Jitendra and Patel, Parveen and Prabhakar, Balaji and Sengupta, Sudipta and Sridharan, Murari},
 title = {Data Center {TCP} ({DCTCP})},
 xlocation = {New Delhi, India},
 xpages = {63--74},
 numpages = 12,
 url = {http://doi.acm.org/10.1145/1851182.1851192},
 doi = {10.1145/1851182.1851192},
 acmid = 1851192,
 xpublisher = {ACM},
 xaddress = {New York, NY, USA},
 keywords = {ECN, TCP, data center network},
}

@article{misbehaving_receivers_ccr_1999,
 crossref = {sigcommccr},
 author = {Savage, Stefan and Cardwell, Neal and Wetherall, David and Anderson, Tom},
 title = {{TCP} Congestion Control with a Misbehaving Receiver},
 issue_date = {October 1999},
 volume = 29,
 number = 5,
 month = oct,
 year = 1999,
 issn = {0146-4833},
 pages = {71--78},
 numpages = 8,
 url = {http://doi.acm.org/10.1145/505696.505704},
 doi = {10.1145/505696.505704},
 acmid = 505704,
 xpublisher = {ACM},
 xaddress = {New York, NY, USA},
}

@inproceedings{juggler_eurosys16,
 crossref = {eurosys16},
 author = {Geng, Yilong and Jeyakumar, Vimalkumar and Kabbani, Abdul and Alizadeh, Mohammad},
 title = {{Juggler}: A Practical Reordering Resilient Network Stack for Datacenters},
 xlocation = {London, United Kingdom},
 xpages = {20:1--20:16},
 articleno = 20,
 numpages = 16,
 url = {http://doi.acm.org/10.1145/2901318.2901334},
 doi = {10.1145/2901318.2901334},
 acmid = 2901334,
 xpublisher = {ACM},
 xaddress = {New York, NY, USA},
 keywords = {datacenter, generic receive offload, packet reordering},
}

@INPROCEEDINGS{portals_offload,
  crossref={hoti15},
  author={Di Girolamo, S. and Jolivet, P. and Underwood, K.D. and Hoefler, T.}, 
  title={Exploiting Offload Enabled Network Interfaces},
}

@Manual{portals_spec,
  title = 	 {The {Portals} 4.0.1 Network Programming Interface},
  author = 	 {Brian W. Barrett and Ron Brightwell and Scott Hemmert and Kevin Pedretti and Kyle Wheeler and Keith Underwood and Rolf Riesen and Arthur B. Maccabee and Trammell Hudson},
  organization = {Sandia National Laboratories},
  edition = 	 {SAND2013-3181},
  month = 	 apr,
  year = 	 2013}

@inproceedings{fpga_kv1,
  crossref = {hotcloud13},
  author    = {Michaela Blott and Kimon Karras and Ling Liu and Kees
                  A. Vissers and Jeremia B{\"{a}}r and Zsolt
                  Istv{\'{a}}n},
  title     = {Achieving {10Gbps} Line-rate Key-value Stores with {FPGAs}},
}

@inproceedings{fpga_kv2,
 crossref = {fpga13},
 author = {Chalamalasetti, Sai Rahul and Lim, Kevin and Wright, Mitch
                  and AuYoung, Alvin and Ranganathan, Parthasarathy
                  and Margala, Martin},
 title = {An {FPGA} {Memcached} Appliance},
}

@inproceedings{fpga_mapreduce,
 crossref = {fpga10},
 author = {Shan, Yi and Wang, Bo and Yan, Jing and Wang, Yu and Xu,
                  Ningyi and Yang, Huazhong},
 title = {{FPMR}: {MapReduce} Framework on {FPGA}},
}

@article{graphlab,
 author = {Low, Yucheng and Bickson, Danny and Gonzalez, Joseph and Guestrin, Carlos and Kyrola, Aapo and Hellerstein, Joseph M.},
 title = {Distributed {GraphLab}: A Framework for Machine Learning and Data Mining in the Cloud},
 journal = {Proc. VLDB Endow.},
 issue_date = {April 2012},
 volume = 5,
 number = 8,
 month = apr,
 year = 2012,
 issn = {2150-8097},
 pages = {716--727},
 numpages = 12,
 url = {http://dx.doi.org/10.14778/2212351.2212354},
 doi = {10.14778/2212351.2212354},
 acmid = 2212354,
 xpublisher = {VLDB Endowment},
}

@inproceedings{morris_paper,
 author = {Morris, R.},
 title = {{TCP} Behavior with Many Flows},
 booktitle = {Proceedings of the 1997 International Conference on Network Protocols (ICNP '97)},
 series = {ICNP '97},
 year = 1997,
 isbn = {0-8186-8061-X},
 xpages = {205--},
 url = {http://dl.acm.org/citation.cfm?id=850935.852431},
 acmid = 852431,
 xpublisher = {IEEE Computer Society},
 xaddress = {Washington, DC, USA},
 keywords = {Internet, TCP behavior, buffering, congestion window, delay-bandwidth product, minimum congestion window, packet loss rate},
}

@Misc{tcp_small_queues,
  author = 	 {Jonathan Corbet},
  title = 	 {{TCP} small queues},
  month = 	 jul,
  year = 	 2012,
  note = 	 {\url{https://lwn.net/Articles/507065/}}}

@Misc{linux_network_flow,
  author = 	 {Arnoud Vandecappelle},
  title = 	 {{Linux} kernel networking control flow},
  note = 	 {\url{https://wiki.linuxfoundation.org/networking/kernel_flow}}}

@Article{toe,
  author = 	 {Andy Currid},
  title = 	 {{TCP} Offload to the Rescue},
  journal = 	 {ACM Queue},
  year = 	 2004,
  volume = 	 2,
  number = 	 3,
  month = 	 jun}

@Misc{chelsio_toe,
  author = 	 {Chelsio Communications},
  title = 	 {{TCP} Offload at 40Gbps},
  year = 	 2013,
  note = 	 {\url{http://www.chelsio.com/wp-content/uploads/2013/09/TOE-Technical-Brief.pdf}}}

@inproceedings{tso,
 crossref = {usenixatc08},
 author = {Menon, Aravind and Zwaenepoel, Willy},
 title = {Optimizing {TCP} Receive Performance},
 xlocation = {Boston, Massachusetts},
 xpages = {85--98},
 numpages = 14,
 url = {http://dl.acm.org/citation.cfm?id=1404014.1404021},
 acmid = 1404021,
 xpublisher = {USENIX Association},
 xaddress = {Berkeley, CA, USA},
}

@inproceedings{vl2,
        crossref = {sigcomm09},
	Author = {Greenberg, Albert and Hamilton, James R. and Jain, Navendu and Kandula, Srikanth and Kim, Changhoon and Lahiri, Parantap and Maltz, David A. and Patel, Parveen and Sengupta, Sudipta},
	Title = {{VL2:} a scalable and flexible data center network},
	}

@inproceedings{jupiter,
        crossref = {sigcomm15},
	Author = {Arjun Singh and Joon Ong and Amit Agarwal and Glen Anderson and Ashby Armistead and Roy Bannon and Seb Boving and Gaurav Desai and Bob Felderman and Paulie Germano and Anand Kanagala and Jeff Provost and Jason Simmons and Eiichi Tanda and Jim Wanderer and Urs H\"olzle and Stephen Stuart and Amin Vahdat},
	Title = {Jupiter {R}ising: A Decade of {C}los Topologies and Centralized Control in {G}oogle's Datacenter Network},
	}

@inproceedings{storm,
 author = {Toshniwal, Ankit and Taneja, Siddarth and Shukla, Amit and Ramasamy, Karthik and Patel, Jignesh M. and Kulkarni, Sanjeev and Jackson, Jason and Gade, Krishna and Fu, Maosong and Donham, Jake and Bhagat, Nikunj and Mittal, Sailesh and Ryaboy, Dmitriy},
 title = {{Storm@Twitter}},
 booktitle = {Proceedings of the 2014 ACM SIGMOD International Conference on Management of Data},
 series = {SIGMOD '14},
 year = 2014,
 isbn = {978-1-4503-2376-5},
 xlocation = {Snowbird, Utah, USA},
 xpages = {147--156},
 numpages = 10,
 url = {http://doi.acm.org/10.1145/2588555.2595641},
 doi = {10.1145/2588555.2595641},
 acmid = 2595641,
 xpublisher = {ACM},
 xaddress = {New York, NY, USA},
 keywords = {real-time query processing, stream data management},
}

@inproceedings{mica,
 crossref = {nsdi14},
 author = {Lim, Hyeontaek and Han, Dongsu and Andersen, David G. and Kaminsky, Michael},
 title = {{MICA}: A Holistic Approach to Fast In-memory Key-value Storage},
 xlocation = {Seattle, WA},
 xpages = {429--444},
 numpages = 16,
 url = {http://dl.acm.org/citation.cfm?id=2616448.2616488},
 acmid = 2616488,
 xpublisher = {USENIX Association},
 xaddress = {Berkeley, CA, USA},
}

@Misc{dpdk,
  title = 	 {Intel Data Plane Development Kit},
  note = {\url{http://www.dpdk.org/}}}

@misc{snapnets,
  author       = {Jure Leskovec and Andrej Krevl},
  title        = {{SNAP Datasets}: {Stanford} Large Network Dataset Collection},
  note = {\url{http://snap.stanford.edu/data}},
  month        = jun,
  year         = 2014
}

@inproceedings{Atikoglu:2012:WAL:2254756.2254766,
 author = {Atikoglu, Berk and Xu, Yuehai and Frachtenberg, Eitan and Jiang, Song and Paleczny, Mike},
 title = {Workload Analysis of a Large-scale Key-value Store},
 booktitle = {Proceedings of the 12th ACM SIGMETRICS/PERFORMANCE Joint International Conference on Measurement and Modeling of Computer Systems},
 series = {SIGMETRICS '12},
 year = {2012},
 isbn = {978-1-4503-1097-0},
 xlocation = {London, England, UK},
 pages = {53--64},
 numpages = {12},
 url = {http://doi.acm.org/10.1145/2254756.2254766},
 doi = {10.1145/2254756.2254766},
 acmid = {2254766},
 xpublisher = {ACM},
 xaddress = {New York, NY, USA},
 keywords = {key-value store, memcached, workload analysis, workload modeling},
}

@Unpublished{infiniband,
  author =       {{Infiniband Trade Organization}},
  title =        {Introduction to {Infiniband} for End Users},
  note =         {\url{https://cw.infinibandta.org/document/dl/7268}},
  month =        {April},
  year =         2010}

@Misc{p4_netronome,
  author = 	 {Netronome Systems, Inc.},
  title = 	 {Programming {NFP} with {P4} and {C}},
  month = 	 nov,
  year = 	 2016,
  note = 	 {\url{https://www.netronome.com/media/redactor_files/WP_Programming_with_P4_and_C.pdf}}}

@Misc{nfsv4,
  author = 	 {T. Haynes and D. Noveck},
  title = 	 {Network File System ({NFS}) Version 4 Protocol},
  month = 	 mar,
  year = 	 2015,
  note = 	 {RFC 7530}}

@inproceedings{chubby,
 crossref = {osdi06},
 author = {Burrows, Mike},
 title = {The {Chubby} Lock Service for Loosely-coupled Distributed Systems},
 xlocation = {Seattle, Washington},
 xpages = {335--350},
 numpages = 16,
 url = {http://dl.acm.org/citation.cfm?id=1298455.1298487},
 acmid = 1298487,
 xpublisher = {USENIX Association},
 xaddress = {Berkeley, CA, USA},
}

@inproceedings{packet_transactions,
 crossref = {sigcomm16},
 author = {Sivaraman, Anirudh and Cheung, Alvin and Budiu, Mihai and Kim, Changhoon and Alizadeh, Mohammad and Balakrishnan, Hari and Varghese, George and McKeown, Nick and Licking, Steve},
 title = {Packet Transactions: High-Level Programming for Line-Rate Switches},
 xlocation = {Florianopolis, Brazil},
 xpages = {15--28},
 numpages = 14,
 url = {http://doi.acm.org/10.1145/2934872.2934900},
 doi = {10.1145/2934872.2934900},
 acmid = 2934900,
 xpublisher = {ACM},
 xaddress = {New York, NY, USA},
 keywords = {Programmable switches, stateful data-plane algorithms},
}

@inproceedings{timely,
 crossref = {sigcomm15},
 author = {Mittal, Radhika and Lam, Vinh The and Dukkipati, Nandita and Blem, Emily and Wassel, Hassan and Ghobadi, Monia and Vahdat, Amin and Wang, Yaogong and Wetherall, David and Zats, David},
 title = {{TIMELY}: {RTT}-based Congestion Control for the Datacenter},
 xlocation = {London, United Kingdom},
 xpages = {537--550},
 numpages = 14,
 url = {http://doi.acm.org/10.1145/2785956.2787510},
 doi = {10.1145/2785956.2787510},
 acmid = 2787510,
 xpublisher = {ACM},
 xaddress = {New York, NY, USA},
 keywords = {datacenter transport, delay-based congestion control, os-bypass, rdma},
}

@inproceedings{memcache_facebook,
 crossref = {nsdi13},
 author = {Nishtala, Rajesh and Fugal, Hans and Grimm, Steven and Kwiatkowski, Marc and Lee, Herman and Li, Harry C. and McElroy, Ryan and Paleczny, Mike and Peek, Daniel and Saab, Paul and Stafford, David and Tung, Tony and Venkataramani, Venkateshwaran},
 title = {Scaling {Memcache} at {Facebook}},
 xlocation = {Lombard, IL},
 xpages = {385--398},
 numpages = 14,
 url = {http://dl.acm.org/citation.cfm?id=2482626.2482663},
 acmid = 2482663,
 xpublisher = {USENIX Association},
 xaddress = {Berkeley, CA, USA},
}

@inproceedings{pifo,
 crossref = {sigcomm16},
 author = {Sivaraman, Anirudh and Subramanian, Suvinay and Alizadeh, Mohammad and Chole, Sharad and Chuang, Shang-Tse and Agrawal, Anurag and Balakrishnan, Hari and Edsall, Tom and Katti, Sachin and McKeown, Nick},
 title = {Programmable Packet Scheduling at Line Rate},
 xpages = {44--57},
 numpages = {14},
 url = {http://doi.acm.org/10.1145/2934872.2934899},
 doi = {10.1145/2934872.2934899},
 acmid = {2934899},
 xpublisher = {ACM},
 xaddress = {New York, NY, USA},
 keywords = {Programmable scheduling, switch hardware},
}


@Misc{whatsapp_c10m,
  author = 	 {Rick Reed},
  title = 	 {Scaling to Millions of Simultaneous Connections},
  month = 	 mar,
  year = 	 2012,
  note = 	 {\url{http://www.erlang-factory.com/upload/presentations/558/efsf2012-whatsapp-scaling.pdf}}}

@Misc{migratorydata_c10m,
  author = 	 {Mihai Rotaru},
  title = 	 {Scaling to 12 Million Concurrent Connections: How {MigratoryData} Did It},
  month = 	 oct,
  year = 	 2013,
  note = 	 {\url{https://mrotaru.wordpress.com/2013/10/10/scaling-to-12-million-concurrent-connections-how-migratorydata-did-it/}}}

@TechReport{jain_fairness,
  author =	"R. Jain and D. Chiu and W. Hawe",
  title =	"A Quantitative Measure of Fairness and Discrimination
		 for Resource Allocation in Shared Computer Systems",
  type = 	"DEC Research Report",
  number =	"TR-301",
  institution =  "Digital Equipment Corporation",
  address =	"Maynard, MA, USA",
  pages =	38,
  month =	sep,
  year = 	1984,
}

@inproceedings {senic,
crossref = {nsdi14},
author = {Sivasankar Radhakrishnan and Yilong Geng and Vimalkumar Jeyakumar and Abdul Kabbani and George Porter and Amin Vahdat},
title = {{SENIC}: Scalable {NIC} for End-Host Rate Limiting},
xaddress = {Seattle, WA},
xpages = {475--488},
url = {https://www.usenix.org/conference/nsdi14/technical-sessions/presentation/radhakrishnan},
xpublisher = {{USENIX} Association},
}

@Misc{lwip,
  note = 	 {\url{https://savannah.nongnu.org/projects/lwip/}}}

@article{bbr,
 author = {Cardwell, Neal and Cheng, Yuchung and Gunn, C. Stephen and Yeganeh, Soheil Hassas and Jacobson, Van},
 title = {{BBR}: Congestion-Based Congestion Control},
 journal = {ACM Queue},
 issue_date = {September-October 2016},
 volume = 14,
 number = 5,
 month = oct,
 year = 2016,
 issn = {1542-7730},
 pages = {50:20--50:53},
 articleno = 50,
 numpages = 34,
 url = {http://doi.acm.org/10.1145/3012426.3022184},
 doi = {10.1145/3012426.3022184},
 acmid = 3022184,
 publisher = {ACM},
 xaddress = {New York, NY, USA},
}

@inproceedings{pcc,
 crossref = {nsdi15},
 author = {Dong, Mo and Li, Qingxi and Zarchy, Doron and Godfrey, P. Brighten and Schapira, Michael},
 title = {{PCC}: Re-architecting Congestion Control for Consistent High Performance},
 xlocation = {Oakland, CA},
 xpages = {395--408},
 numpages = 14,
 url = {http://dl.acm.org/citation.cfm?id=2789770.2789798},
 acmid = 2789798,
 xpublisher = {USENIX Association},
 xaddress = {Berkeley, CA, USA},
}

@inproceedings{aggression,
 crossref={sigcomm13},
 author = {Flach, Tobias and Dukkipati, Nandita and Terzis, Andreas and Raghavan, Barath and Cardwell, Neal and Cheng, Yuchung and Jain, Ankur and Hao, Shuai and Katz-Bassett, Ethan and Govindan, Ramesh},
 title = {Reducing Web Latency: The Virtue of Gentle Aggression},
 xlocation = {Hong Kong, China},
 xpages = {159--170},
 numpages = 12,
 url = {http://doi.acm.org/10.1145/2486001.2486014},
 doi = {10.1145/2486001.2486014},
 acmid = 2486014,
 xpublisher = {ACM},
 xaddress = {New York, NY, USA},
 keywords = {congestion control, internet measurements, packet loss, recovery, redundancy, tcp, web latency},
}

@inproceedings{tcp_illinois,
 author = {Liu, Shao and Ba\c{s}ar, Tamer and Srikant, R.},
 title = {{TCP-Illinois}: A Loss and Delay-based Congestion Control Algorithm for High-speed Networks},
 booktitle = {Proceedings of the 1st International Conference on Performance Evaluation Methodolgies and Tools},
 series = {valuetools '06},
 year = 2006,
 isbn = {1-59593-504-5},
 xlocation = {Pisa, Italy},
 articleno = 55,
 url = {http://doi.acm.org/10.1145/1190095.1190166},
 doi = {10.1145/1190095.1190166},
 acmid = 1190166,
 xpublisher = {ACM},
 xaddress = {New York, NY, USA},
 keywords = {AIMD, NewReno, Reno, SACK, TCP, congestion control, fairness, packet loss, queueing delay, stability, throughput},
}

@inproceedings{recursive_congestion,
 crossref = {nsdi14},
 author = {Mittal, Radhika and Sherry, Justine and Ratnasamy, Sylvia and Shenker, Scott},
 title = {Recursively Cautious Congestion Control},
 xlocation = {Seattle, WA},
 xpages = {373--385},
 numpages = 13,
 url = {http://dl.acm.org/citation.cfm?id=2616448.2616483},
 acmid = 2616483,
 xpublisher = {USENIX Association},
 xaddress = {Berkeley, CA, USA},
}

@inproceedings{numfabric,
 crossref={sigcomm16},
 author = {Nagaraj, Kanthi and Bharadia, Dinesh and Mao, Hongzi and Chinchali, Sandeep and Alizadeh, Mohammad and Katti, Sachin},
 title = {{NUMFabric}: Fast and Flexible Bandwidth Allocation in Datacenters},
 xlocation = {Florianopolis, Brazil},
 xpages = {188--201},
 numpages = 14,
 url = {http://doi.acm.org/10.1145/2934872.2934890},
 doi = {10.1145/2934872.2934890},
 acmid = 2934890,
 xpublisher = {ACM},
 xaddress = {New York, NY, USA},
 keywords = {Datacenters, NUM, Networking, Resource Allocation},
}

@inproceedings {flowtune,
 crossref = {nsdi17},
author = {Jonathan Perry and Hari Balakrishnan and Devavrat Shah},
title = {{Flowtune}: Flowlet Control for Datacenter Networks},
xaddress = {Boston, MA},
xpages = {421--435},
url = {https://www.usenix.org/conference/nsdi17/technical-sessions/presentation/perry},
xpublisher = {{USENIX} Association},
}

@inproceedings{tcp_ex_machina,
 crossref={sigcomm13},
 author = {Winstein, Keith and Balakrishnan, Hari},
 title = {{TCP} Ex Machina: Computer-generated Congestion Control},
 xlocation = {Hong Kong, China},
 xpages = {123--134},
 numpages = {12},
 url = {http://doi.acm.org/10.1145/2486001.2486020},
 doi = {10.1145/2486001.2486020},
 acmid = {2486020},
 xpublisher = {ACM},
 xaddress = {New York, NY, USA},
 keywords = {computer-designed algorithms, congestion control},
}

@inproceedings{dcqcn,
 crossref={sigcomm15},
 author = {Zhu, Yibo and Eran, Haggai and Firestone, Daniel and Guo, Chuanxiong and Lipshteyn, Marina and Liron, Yehonatan and Padhye, Jitendra and Raindel, Shachar and Yahia, Mohamad Haj and Zhang, Ming},
 title = {Congestion Control for Large-Scale {RDMA} Deployments},
 xlocation = {London, United Kingdom},
 xpages = {523--536},
 numpages = 14,
 url = {http://doi.acm.org/10.1145/2785956.2787484},
 doi = {10.1145/2785956.2787484},
 acmid = 2787484,
 xpublisher = {ACM},
 xaddress = {New York, NY, USA},
 keywords = {ECN, PFC, RDMA, congestion control, datacenter transport},
}

@inproceedings{fastpass,
 crossref={sigcomm14},
 author = {Perry, Jonathan and Ousterhout, Amy and Balakrishnan, Hari and Shah, Devavrat and Fugal, Hans},
 title = {{Fastpass}: A Centralized "Zero-queue" Datacenter Network},
 xlocation = {Chicago, Illinois, USA},
 xpages = {307--318},
 numpages = 12,
 url = {http://doi.acm.org/10.1145/2619239.2626309},
 doi = {10.1145/2619239.2626309},
 acmid = 2626309,
 xpublisher = {ACM},
 xaddress = {New York, NY, USA},
 keywords = {arbiter, centralized, data plane, datacenter, high throughput, low latency, scheduling, zero-queue},
}

@book{verilog,
 author = {Thomas, Donald E. and Moorby, Philip R.},
 title = {The  Verilog Hardware Description Language, 5th Edition},
 year = 2002,
 isbn = 1402070896,
 edition = {5th},
 publisher = {Kluwer Academic Publishers},
 address = {Norwell, MA, USA},
}

@inproceedings{clicknp,
 author = {Li, Bojie and Tan, Kun and Luo, Layong (Larry) and Peng, Yanqing and Luo, Renqian and Xu, Ningyi and Xiong, Yongqiang and Cheng, Peng and Chen, Enhong},
 title = {{ClickNP}: Highly Flexible and High Performance Network Processing with Reconfigurable Hardware},
 booktitle = {Proceedings of the 2016 ACM SIGCOMM Conference},
 series = {SIGCOMM '16},
 year = 2016,
 isbn = {978-1-4503-4193-6},
 location = {Florianopolis, Brazil},
 pages = {1--14},
 numpages = 14,
 url = {http://doi.acm.org/10.1145/2934872.2934897},
 doi = {10.1145/2934872.2934897},
 acmid = 2934897,
 publisher = {ACM},
 address = {New York, NY, USA},
 keywords = {Compiler, FPGA, Network Function Virtualization, Reconfigurable Hardware},
}

@article{jacobsontcp,
 crossref = {sigcommccr},
 author = {Jacobson, V.},
 title = {Congestion Avoidance and Control},
 issue_date = {August 1988},
 volume = {18},
 number = {4},
 month = aug,
 year = {1988},
 issn = {0146-4833},
 pages = {314--329},
 numpages = {16},
 url = {http://doi.acm.org/10.1145/52325.52356},
 doi = {10.1145/52325.52356},
 acmid = {52356},
 xpublisher = {ACM},
 xaddress = {New York, NY, USA},
} 

@inproceedings{zygos,
 author = {Prekas, George and Kogias, Marios and Bugnion, Edouard},
 title = {{ZygOS}: Achieving Low Tail Latency for Microsecond-scale Networked Tasks},
 booktitle = {Proceedings of the 26th Symposium on Operating Systems Principles},
 series = {SOSP '17},
 year = {2017},
 isbn = {978-1-4503-5085-3},
 xlocation = {Shanghai, China},
 xpages = {325--341},
 numpages = {17},
 url = {http://doi.acm.org/10.1145/3132747.3132780},
 doi = {10.1145/3132747.3132780},
 acmid = {3132780},
 xpublisher = {ACM},
 xaddress = {New York, NY, USA},
 keywords = {Microsecond-scale computing, Tail latency},
}

@inproceedings{ccp,
   author =       "Akshay Narayan and Frank J. Cangialosi and Prateesh Goyal and  Srinivas Narayana and Mohammad Alizadeh and Hari Balakrishnan",
   title =        "{The Case for Moving Congestion Control Out of the Datapath}",
   booktitle =    {Sixteenth ACM Workshop on Hot Topics in Networks (HotNets)},
   year =         {2017},
   month =        {November},
   address =      {Palo Alto, CA}
}

@inproceedings{netcache,
 author = {Jin, Xin and Li, Xiaozhou and Zhang, Haoyu and Soul{\'e}, Robert and Lee, Jeongkeun and Foster, Nate and Kim, Changhoon and Stoica, Ion},
 title = {NetCache: Balancing Key-Value Stores with Fast In-Network Caching},
 booktitle = {Proceedings of the 26th Symposium on Operating Systems Principles},
 series = {SOSP '17},
 year = {2017},
 isbn = {978-1-4503-5085-3},
 location = {Shanghai, China},
 pages = {121--136},
 numpages = {16},
 url = {http://doi.acm.org/10.1145/3132747.3132764},
 doi = {10.1145/3132747.3132764},
 acmid = {3132764},
 publisher = {ACM},
 address = {New York, NY, USA},
 keywords = {Caching, Key-value stores, Programmable switches},
} 

@Misc{van_email,
  author = 	 {Van Jacobson},
  title = 	 {TCP in 30 instructions},
  note = 	 {\url{http://www.pdl.cmu.edu/mailinglists/ips/mail/msg00133.html}}}

@Misc{linux_van,
  note = 	 {\url{https://github.com/torvalds/linux/blob/master/net/ipv4/tcp_input.c#L5302}}}

@inproceedings{jalaparti:taillatency,
  crossref = {sigcomm13},
  author = {Jalaparti, Virajith and Bodik, Peter and Kandula, Srikanth and Menache, Ishai and Rybalkin, Mikhail and Yan, Chenyu},
  title = {Speeding Up Distributed Request-response Workflows},
}

@inproceedings{nishtala:memcache_facebook,
  crossref = {nsdi13},
  author = {Nishtala, Rajesh and Fugal, Hans and Grimm, Steven and Kwiatkowski, Marc and Lee, Herman and Li, Harry C. and McElroy, Ryan and Paleczny, Mike and Peek, Daniel and Saab, Paul and Stafford, David and Tung, Tony and Venkataramani, Venkateshwaran},
  title = {Scaling {Memcache} at {Facebook}},
}

@inproceedings{flexsc,
 author = {Soares, Livio and Stumm, Michael},
 title = {FlexSC: Flexible System Call Scheduling with Exception-less System Calls},
 booktitle = {Proceedings of the 9th USENIX Conference on Operating Systems Design and Implementation},
 series = {OSDI'10},
 year = 2010,
 location = {Vancouver, BC, Canada},
 pages = {33--46},
 numpages = 14,
 url = {http://dl.acm.org/citation.cfm?id=1924943.1924946},
 acmid = 1924946,
 publisher = {USENIX Association},
 address = {Berkeley, CA, USA},
}

@article{onload,
 author = {Regnier, Greg and Makineni, Srihari and Illikkal, Ramesh and Iyer, Ravi and Minturn, Dave and Huggahalli, Ram and Newell, Don and Cline, Linda and Foong, Annie},
 title = {TCP Onloading for Data Center Servers},
 journal = {Computer},
 issue_date = {November 2004},
 volume = 37,
 number = 11,
 month = nov,
 year = 2004,
 issn = {0018-9162},
 pages = {48--58},
 numpages = 11,
 url = {https://doi.org/10.1109/MC.2004.223},
 doi = {10.1109/MC.2004.223},
 acmid = 1032372,
 publisher = {IEEE Computer Society Press},
 address = {Los Alamitos, CA, USA},
}

@Misc{chimney,
  note = 	 {\url{https://support.microsoft.com/en-us/help/951037/information-about-the-tcp-chimney-offload-receive-side-scaling-and-net}}}

@inproceedings{netkernel,
 author = {Niu, Zhixiong and Xu, Hong and Han, Dongsu and Cheng, Peng and Xiong, Yongqiang and Chen, Guo and Winstein, Keith},
 title = {Network Stack As a Service in the Cloud},
 booktitle = {Proceedings of the 16th ACM Workshop on Hot Topics in Networks},
 series = {HotNets-XVI},
 year = {2017},
 isbn = {978-1-4503-5569-8},
 location = {Palo Alto, CA, USA},
 pages = {65--71},
 numpages = {7},
 url = {http://doi.acm.org/10.1145/3152434.3152442},
 doi = {10.1145/3152434.3152442},
 acmid = {3152442},
 publisher = {ACM},
 address = {New York, NY, USA},
}
