@string{s-proc = ""}

@string{s-acm = "ACM"}
@string{s-ieee = "IEEE"}
@string{s-usenix = "USENIX"}

@COMMENT { Journals }
@string{s-ieeecst = s-ieee#" Communications Surveys and Tutorials"}
@string{s-ieeemicro = s-ieee#" Micro"}
@string{s-ieeetose= s-ieee#" Transactions on Software Engineering"}
@string{s-jacm= "Journal of the "#s-acm}
@string{s-sigcommccr = "SIGCOMM Computer Communication Review"}
@string{s-sigarchcan = "SIGARCH Computer Architecture News"}
@string{s-acmtocs = s-acm#" Transactions on Computer Systems"}

@COMMENT { Conferences }
@string{s-ancs = s-acm#"/"#s-ieee#" Symposium on Architectures for Networking and Communications Systems"}
@string{s-asplos = "International Conference on Architectural Support for Programming Languages and Operating Systems"}
@string{s-eurosys = s-acm#" European Conference on Computer Systems"}
@string{s-fpga = s-acm#"/SIGDA International Symposium on Field Programmable Gate Arrays"}
@string{s-hotcloud = s-usenix#" Workshop on Hot Topics in Cloud Computing"}
@string{s-hoti = s-ieee#" Symposium on High Performance Interconnects"}
@string{s-hotnets = s-acm#" Workshop on Hot Topics in Networks"}
@string{s-hotos = "Workshop on Hot Topics in Operating Systems"}
@string{s-igcc = "International Green Computing Conference and Workshops"}
@string{s-infocom = s-ieee#" International Conference on Computer Communications"}
@string{s-isca = "Annual International Symposium on Computer Architecture"}
@string{s-mobisys = "International Conference on Mobile Systems, Applications, and Services"}
@string{s-mspc = "Workshop on Memory Systems Performance and Correctness"}
@string{s-nsdi = s-usenix#" Symposium on Networked Systems Design and Implementation"}
@string{s-osdi = s-usenix#" Symposium on Operating Systems Design and Implementation"}
@string{s-plos = "Workshop on Programming Languages and Operating Systems"}
@string{s-sigcomm = s-acm#" Conference on SIGCOMM"}
@string{s-sosp = s-acm#" Symposium on Operating Systems Principles"}
@string{s-usenixatc = s-usenix#" Annual Technical Conference"}
